@manual{RW,
 author = {Rusty Russell and Harald Welte},
 title = {Linux netfilter Hacking HOWTO},
 month = {July},
 year = {2002},
 edition = {1.14},
 chapter = {4, Information for Programmers},
 url = {http://www.netfilter.org/documentation/HOWTO//netfilter-hacking-HOWTO-4.html},
 }

@misc{l7,
 title = {L7-filter, An Application Layer Packet Classifier for Linux},
 url = {http://l7-filter.sourceforge.net/},
 }

@manual{C,
 author = {Charles-Henri Clemente},
 title = {Le Firewalling Sous SOUS GNU/LINUX},
 year = {2006},
 url = {http://www.supinfo-projects.com/fr/2006/firewalling_linux/3/},
 chapter = {3, Ã‰tendre Iptables},
}

@manual{S,
 author = {Julien Sterckeman},
 title = {Programmez votre firewall en C pour Linux},
 month = {June},
 year = {2003},
 url = {http://www.guill.net/view.php?cat=6&prg=12},
}